@inproceedings{Bonomi:2012:FCR:2342509.2342513,
 author = {Bonomi, Flavio and Milito, Rodolfo and Zhu, Jiang and Addepalli, Sateesh},
 title = {Fog Computing and Its Role in the Internet of Things},
 booktitle = {Proceedings of the First Edition of the MCC Workshop on Mobile Cloud Computing},
 series = {MCC '12},
 year = {2012},
 isbn = {978-1-4503-1519-7},
 location = {Helsinki, Finland},
 pages = {13--16},
 numpages = {4},
 url = {http://doi.acm.org/10.1145/2342509.2342513},
 doi = {10.1145/2342509.2342513},
 acmid = {2342513},
 publisher = {ACM},
 address = {New York, NY, USA},
 keywords = {analytics, cloud computing, fog computing, iot, real time systems, software defined networks, wsan},
}

@inproceedings{bonomi2011connected,
  title={Connected vehicles, the internet of things, and fog computing},
  author={Bonomi, Flavio},
  booktitle={The eighth ACM international workshop on vehicular inter-networking (VANET), Las Vegas, USA},
  pages={13--15},
  year={2011}
} 
